<?xml version="1.0" encoding="UTF-8"?>
  <record xmlns="http://www.loc.gov/MARC21/slim" type="Authority">
    <leader>00000nz  a2200000nc 4500</leader>
    <controlfield tag="001">102370907</controlfield>
    <controlfield tag="003">DE-101</controlfield>
    <controlfield tag="005">20220310173856.0</controlfield>
    <controlfield tag="008">920629n||azznnaabn           | aaa    |c</controlfield>
    <datafield tag="024" ind1="7" ind2=" ">
      <subfield code="a">102370907</subfield>
      <subfield code="0">http://d-nb.info/gnd/102370907</subfield>
      <subfield code="2">gnd</subfield>
    </datafield>
    <datafield tag="035" ind1=" " ind2=" ">
      <subfield code="a">(DE-101)102370907</subfield>
    </datafield>
    <datafield tag="035" ind1=" " ind2=" ">
      <subfield code="a">(DE-588)102370907</subfield>
    </datafield>
    <datafield tag="035" ind1=" " ind2=" ">
      <subfield code="z">(DE-588)1089200609</subfield>
    </datafield>
    <datafield tag="035" ind1=" " ind2=" ">
      <subfield code="z">(DE-588)1089831072</subfield>
    </datafield>
    <datafield tag="035" ind1=" " ind2=" ">
      <subfield code="z">(DE-588)1089606222</subfield>
    </datafield>
    <datafield tag="035" ind1=" " ind2=" ">
      <subfield code="z">(DE-588)176762884</subfield>
    </datafield>
    <datafield tag="035" ind1=" " ind2=" ">
      <subfield code="z">(DE-588a)176762884</subfield>
      <subfield code="9">v:zg</subfield>
    </datafield>
    <datafield tag="035" ind1=" " ind2=" ">
      <subfield code="z">(DE-588)160736277</subfield>
    </datafield>
    <datafield tag="035" ind1=" " ind2=" ">
      <subfield code="z">(DE-588a)160736277</subfield>
      <subfield code="9">v:zg</subfield>
    </datafield>
    <datafield tag="035" ind1=" " ind2=" ">
      <subfield code="z">(DE-588)174061412</subfield>
    </datafield>
    <datafield tag="035" ind1=" " ind2=" ">
      <subfield code="z">(DE-588a)174061412</subfield>
      <subfield code="9">v:zg</subfield>
    </datafield>
    <datafield tag="035" ind1=" " ind2=" ">
      <subfield code="z">(DE-588a)102370907</subfield>
      <subfield code="9">v:zg</subfield>
    </datafield>
    <datafield tag="035" ind1=" " ind2=" ">
      <subfield code="z">(DE-588a)119876000</subfield>
    </datafield>
    <datafield tag="035" ind1=" " ind2=" ">
      <subfield code="z">(DE-588c)7551426-6</subfield>
      <subfield code="9">v:zg</subfield>
    </datafield>
    <datafield tag="040" ind1=" " ind2=" ">
      <subfield code="a">DE-12</subfield>
      <subfield code="c">DE-12</subfield>
      <subfield code="9">r:DE-12</subfield>
      <subfield code="b">ger</subfield>
      <subfield code="d">9999</subfield>
    </datafield>
    <datafield tag="042" ind1=" " ind2=" ">
      <subfield code="a">gnd1</subfield>
    </datafield>
    <datafield tag="043" ind1=" " ind2=" ">
      <subfield code="c">XB-SY</subfield>
    </datafield>
    <datafield tag="065" ind1=" " ind2=" ">
      <subfield code="a">27.20p</subfield>
      <subfield code="2">sswd</subfield>
    </datafield>
    <datafield tag="075" ind1=" " ind2=" ">
      <subfield code="b">p</subfield>
      <subfield code="2">gndgen</subfield>
    </datafield>
    <datafield tag="075" ind1=" " ind2=" ">
      <subfield code="b">piz</subfield>
      <subfield code="2">gndspec</subfield>
    </datafield>
    <datafield tag="079" ind1=" " ind2=" ">
      <subfield code="a">g</subfield>
      <subfield code="q">f</subfield>
      <subfield code="q">n</subfield>
      <subfield code="q">s</subfield>
      <subfield code="q">a</subfield>
      <subfield code="q">e</subfield>
      <subfield code="u">v</subfield>
      <subfield code="u">o</subfield>
    </datafield>
    <datafield tag="100" ind1="1" ind2=" ">
      <subfield code="a">Ibn-Māsawaih, Abū-Zakarīyā Yūḥannā</subfield>
      <subfield code="d">777-857</subfield>
    </datafield>
    <datafield tag="400" ind1="0" ind2=" ">
      <subfield code="a">Abū-Zakarīyā Yūḥannā Ibn-Māsawaih</subfield>
      <subfield code="d">777-857</subfield>
    </datafield>
    <datafield tag="400" ind1="0" ind2=" ">
      <subfield code="a">Mesue͏̈</subfield>
      <subfield code="d">777-857</subfield>
    </datafield>
    <datafield tag="400" ind1="1" ind2=" ">
      <subfield code="a">Ibn-Māsawaih, Yūḥannā</subfield>
      <subfield code="d">777-857</subfield>
    </datafield>
    <datafield tag="400" ind1="1" ind2=" ">
      <subfield code="a">Ibn-Māsawayh, Yūḥannā</subfield>
      <subfield code="d">777-857</subfield>
    </datafield>
    <datafield tag="400" ind1="0" ind2=" ">
      <subfield code="a">Pseudo-Ibn-Māsawaih</subfield>
      <subfield code="d">777-857</subfield>
    </datafield>
    <datafield tag="400" ind1="0" ind2=" ">
      <subfield code="a">Pseudo-Mesue͏̈</subfield>
      <subfield code="d">777-857</subfield>
    </datafield>
    <datafield tag="400" ind1="0" ind2=" ">
      <subfield code="a">Mesue͏̈</subfield>
      <subfield code="c">Antiquior</subfield>
      <subfield code="d">777-857</subfield>
    </datafield>
    <datafield tag="400" ind1="0" ind2=" ">
      <subfield code="a">Mesue͏̈</subfield>
      <subfield code="c">Senior, Filius</subfield>
      <subfield code="d">777-857</subfield>
    </datafield>
    <datafield tag="400" ind1="0" ind2=" ">
      <subfield code="a">Mesue͏̈</subfield>
      <subfield code="c">Senior</subfield>
      <subfield code="d">777-857</subfield>
    </datafield>
    <datafield tag="400" ind1="0" ind2=" ">
      <subfield code="a">Johannes</subfield>
      <subfield code="c">Mesue͏̈</subfield>
      <subfield code="d">777-857</subfield>
    </datafield>
    <datafield tag="400" ind1="0" ind2=" ">
      <subfield code="a">Ibn Masawaih</subfield>
      <subfield code="d">777-857</subfield>
    </datafield>
    <datafield tag="400" ind1="0" ind2=" ">
      <subfield code="a">Mesue͏̈</subfield>
      <subfield code="c">Maior</subfield>
      <subfield code="d">777-857</subfield>
    </datafield>
    <datafield tag="400" ind1="0" ind2=" ">
      <subfield code="a">Mesue͏̈</subfield>
      <subfield code="c">the Elder</subfield>
      <subfield code="d">777-857</subfield>
    </datafield>
    <datafield tag="400" ind1="1" ind2=" ">
      <subfield code="a">Ibn-Māsūya, Abū-Zakarīyā Yūḥannā</subfield>
      <subfield code="d">777-857</subfield>
    </datafield>
    <datafield tag="400" ind1="0" ind2=" ">
      <subfield code="a">Mesue͏̈</subfield>
      <subfield code="c">der Lateiner</subfield>
      <subfield code="d">777-857</subfield>
    </datafield>
    <datafield tag="400" ind1="1" ind2=" ">
      <subfield code="a">Mesué, Johannes</subfield>
      <subfield code="d">777-857</subfield>
    </datafield>
    <datafield tag="400" ind1="1" ind2=" ">
      <subfield code="a">Mesué, Jean</subfield>
      <subfield code="d">777-857</subfield>
    </datafield>
    <datafield tag="400" ind1="1" ind2=" ">
      <subfield code="a">Mesue Damascenus, Johannes</subfield>
      <subfield code="d">777-857</subfield>
    </datafield>
    <datafield tag="400" ind1="1" ind2=" ">
      <subfield code="a">Mesue Damascenus, Yohannes</subfield>
      <subfield code="d">777-857</subfield>
    </datafield>
    <datafield tag="400" ind1="1" ind2=" ">
      <subfield code="a">Mesua, Johannes</subfield>
      <subfield code="d">777-857</subfield>
    </datafield>
    <datafield tag="400" ind1="1" ind2=" ">
      <subfield code="a">Mesua, Joannes</subfield>
      <subfield code="d">777-857</subfield>
    </datafield>
    <datafield tag="400" ind1="1" ind2=" ">
      <subfield code="a">Mesua, Iohannes</subfield>
      <subfield code="d">777-857</subfield>
    </datafield>
    <datafield tag="400" ind1="1" ind2=" ">
      <subfield code="a">Mesve, Johannes</subfield>
      <subfield code="d">777-857</subfield>
    </datafield>
    <datafield tag="400" ind1="1" ind2=" ">
      <subfield code="a">Mesuae, Johannes</subfield>
      <subfield code="d">777-857</subfield>
    </datafield>
    <datafield tag="400" ind1="0" ind2=" ">
      <subfield code="a">Yuhanna ibn Masawaih</subfield>
      <subfield code="d">777-857</subfield>
      <subfield code="9">v:(VD-16)</subfield>
    </datafield>
    <datafield tag="400" ind1="0" ind2=" ">
      <subfield code="a">Yuhanna Ibn Masawayh</subfield>
      <subfield code="d">777-857</subfield>
    </datafield>
    <datafield tag="400" ind1="1" ind2=" ">
      <subfield code="a">Ibn-Māsawaih, Abū-Zakarīyāʿ Yūḥannā</subfield>
      <subfield code="d">777-857</subfield>
    </datafield>
    <datafield tag="400" ind1="1" ind2=" ">
      <subfield code="a">Yaḥyā Ibn-M̲āsawaih Ibn-Aḥmad Ibn-ʾAlī Ibn-ʾAbdallāh al-Māridīnī, Abū-Zakarīyā</subfield>
      <subfield code="d">777-857</subfield>
    </datafield>
    <datafield tag="400" ind1="1" ind2=" ">
      <subfield code="a">Ben-Massawaih, Yohanna</subfield>
      <subfield code="d">777-857</subfield>
    </datafield>
    <datafield tag="400" ind1="1" ind2=" ">
      <subfield code="a">Yaḥyā Ibn-Māsawaih, Abū-Zakarīyā</subfield>
      <subfield code="d">777-857</subfield>
    </datafield>
    <datafield tag="400" ind1="1" ind2=" ">
      <subfield code="a">Yūḥanna Ibn-Māsawaih, Abū-Zakarīyā</subfield>
      <subfield code="d">777-857</subfield>
    </datafield>
    <datafield tag="400" ind1="1" ind2=" ">
      <subfield code="a">Abū-Zakarīyā, Yūḥammā Ibn-Māsawih</subfield>
      <subfield code="d">777-857</subfield>
    </datafield>
    <datafield tag="400" ind1="0" ind2=" ">
      <subfield code="a">Pseudo-Mesue</subfield>
      <subfield code="d">777-857</subfield>
    </datafield>
    <datafield tag="400" ind1="0" ind2=" ">
      <subfield code="a">Mesue</subfield>
      <subfield code="d">777-857</subfield>
    </datafield>
    <datafield tag="400" ind1="1" ind2=" ">
      <subfield code="a">Mesue, Johannes</subfield>
      <subfield code="d">777-857</subfield>
    </datafield>
    <datafield tag="400" ind1="0" ind2=" ">
      <subfield code="a">Abū-Zakarīyāʾ Yūḥannā Ibn-Māsawaih</subfield>
      <subfield code="d">777-857</subfield>
    </datafield>
    <datafield tag="400" ind1="1" ind2=" ">
      <subfield code="a">Ibn-Māsawaih, Abū-Zakariyāʹ Yūh̥annā</subfield>
      <subfield code="d">777-857</subfield>
    </datafield>
    <datafield tag="400" ind1="0" ind2=" ">
      <subfield code="a">Abū-Zakariyāʹ Yūh̥annā Ibn-Māsawaih</subfield>
      <subfield code="d">777-857</subfield>
    </datafield>
    <datafield tag="400" ind1="0" ind2=" ">
      <subfield code="a">Ibn-Māsawaih</subfield>
      <subfield code="d">777-857</subfield>
    </datafield>
    <datafield tag="400" ind1="1" ind2=" ">
      <subfield code="a">Ibn-Māsūya, Abū-Zakariyāʹ Yūh̥annā</subfield>
      <subfield code="d">777-857</subfield>
    </datafield>
    <datafield tag="400" ind1="0" ind2=" ">
      <subfield code="a">Johannes</subfield>
      <subfield code="c">Mesue</subfield>
      <subfield code="d">777-857</subfield>
    </datafield>
    <datafield tag="400" ind1="0" ind2=" ">
      <subfield code="a">Medue</subfield>
      <subfield code="c">the Elder</subfield>
      <subfield code="d">777-857</subfield>
    </datafield>
    <datafield tag="400" ind1="0" ind2=" ">
      <subfield code="a">Mesue</subfield>
      <subfield code="c">Antiquior</subfield>
      <subfield code="d">777-857</subfield>
    </datafield>
    <datafield tag="400" ind1="0" ind2=" ">
      <subfield code="a">Mesue</subfield>
      <subfield code="c">Maior</subfield>
      <subfield code="d">777-857</subfield>
    </datafield>
    <datafield tag="400" ind1="0" ind2=" ">
      <subfield code="a">Mesue</subfield>
      <subfield code="c">Senior, Filius</subfield>
      <subfield code="d">777-857</subfield>
    </datafield>
    <datafield tag="400" ind1="0" ind2=" ">
      <subfield code="a">Mesue</subfield>
      <subfield code="c">Senoir</subfield>
      <subfield code="d">777-857</subfield>
    </datafield>
    <datafield tag="400" ind1="0" ind2=" ">
      <subfield code="a">Mesue</subfield>
      <subfield code="c">der Lateiner</subfield>
      <subfield code="d">777-857</subfield>
    </datafield>
    <datafield tag="400" ind1="1" ind2=" ">
      <subfield code="a">Ibn Māsawayh, Yuḥannā</subfield>
      <subfield code="d">777-857</subfield>
    </datafield>
    <datafield tag="400" ind1="0" ind2=" ">
      <subfield code="a">Yuḥannā Ibn Māsawayh</subfield>
      <subfield code="d">777-857</subfield>
    </datafield>
    <datafield tag="400" ind1="0" ind2=" ">
      <subfield code="a">Yaḥyā Ibn Māsawayh</subfield>
      <subfield code="d">777-857</subfield>
    </datafield>
    <datafield tag="400" ind1="0" ind2=" ">
      <subfield code="a">Ibn Māsawayh</subfield>
      <subfield code="d">777-857</subfield>
    </datafield>
    <datafield tag="400" ind1="0" ind2=" ">
      <subfield code="a">Ibn Māsūya</subfield>
      <subfield code="d">777-857</subfield>
    </datafield>
    <datafield tag="400" ind1="0" ind2=" ">
      <subfield code="a">Mesue͏̈</subfield>
      <subfield code="c">Major</subfield>
      <subfield code="d">777-857</subfield>
    </datafield>
    <datafield tag="400" ind1="1" ind2=" ">
      <subfield code="a">Mesue͏̈, Johannes</subfield>
      <subfield code="d">777-857</subfield>
    </datafield>
    <datafield tag="400" ind1="0" ind2=" ">
      <subfield code="a">Abū Zakariyyāʾ Yuḥannā Ibn Māsawayh</subfield>
      <subfield code="d">777-857</subfield>
    </datafield>
    <datafield tag="400" ind1="0" ind2=" ">
      <subfield code="a">Johannes</subfield>
      <subfield code="c">Damascenus</subfield>
      <subfield code="d">777-857</subfield>
    </datafield>
    <datafield tag="400" ind1="0" ind2=" ">
      <subfield code="a">Damascenus Johannes</subfield>
      <subfield code="d">777-857</subfield>
    </datafield>
    <datafield tag="400" ind1="0" ind2=" ">
      <subfield code="a">Youḥanna Ben Massawaih</subfield>
      <subfield code="d">777-857</subfield>
    </datafield>
    <datafield tag="400" ind1="0" ind2=" ">
      <subfield code="a">Abū Zakariyyāʾ Yaḥyā Ibn Māsawayh</subfield>
      <subfield code="d">777-857</subfield>
    </datafield>
    <datafield tag="400" ind1="0" ind2=" ">
      <subfield code="9">U:Arab</subfield>
      <subfield code="a">ابن ماسويه، يوحنا</subfield>
      <subfield code="d">777-857</subfield>
    </datafield>
    <datafield tag="500" ind1="0" ind2=" ">
      <subfield code="a">Alexander Aphrodisaeus</subfield>
      <subfield code="4">beza</subfield>
      <subfield code="4">https://d-nb.info/standards/elementset/gnd#acquaintanceshipOrFriendship</subfield>
      <subfield code="w">r</subfield>
      <subfield code="i">Bekanntschaft</subfield>
      <subfield code="e">Bekanntschaft</subfield>
      <subfield code="9">v:VD-16 Mitverf.</subfield>
    </datafield>
    <datafield tag="500" ind1="1" ind2=" ">
      <subfield code="0">(DE-101)119487616</subfield>
      <subfield code="0">(DE-588)119487616</subfield>
      <subfield code="0">https://d-nb.info/gnd/119487616</subfield>
      <subfield code="a">Benedetti, Alessandro</subfield>
      <subfield code="d">1450-1512</subfield>
      <subfield code="4">beza</subfield>
      <subfield code="4">https://d-nb.info/standards/elementset/gnd#acquaintanceshipOrFriendship</subfield>
      <subfield code="w">r</subfield>
      <subfield code="i">Bekanntschaft</subfield>
      <subfield code="e">Bekanntschaft</subfield>
      <subfield code="9">v:VD-16 Mitverf.</subfield>
    </datafield>
    <datafield tag="500" ind1="1" ind2=" ">
      <subfield code="0">(DE-101)11690240X</subfield>
      <subfield code="0">(DE-588)11690240X</subfield>
      <subfield code="0">https://d-nb.info/gnd/11690240X</subfield>
      <subfield code="a">Grynäus, Simon</subfield>
      <subfield code="d">1493-1541</subfield>
      <subfield code="4">beza</subfield>
      <subfield code="4">https://d-nb.info/standards/elementset/gnd#acquaintanceshipOrFriendship</subfield>
      <subfield code="w">r</subfield>
      <subfield code="i">Bekanntschaft</subfield>
      <subfield code="e">Bekanntschaft</subfield>
      <subfield code="9">v:VD-16 Mitverf.</subfield>
    </datafield>
    <datafield tag="500" ind1="0" ind2=" ">
      <subfield code="a">Moses ben Maimūn</subfield>
      <subfield code="4">beza</subfield>
      <subfield code="4">https://d-nb.info/standards/elementset/gnd#acquaintanceshipOrFriendship</subfield>
      <subfield code="w">r</subfield>
      <subfield code="i">Bekanntschaft</subfield>
      <subfield code="e">Bekanntschaft</subfield>
      <subfield code="9">v:VD-16 Mitverf.</subfield>
    </datafield>
    <datafield tag="500" ind1="1" ind2=" ">
      <subfield code="a">Valla, Georgius</subfield>
      <subfield code="4">beza</subfield>
      <subfield code="4">https://d-nb.info/standards/elementset/gnd#acquaintanceshipOrFriendship</subfield>
      <subfield code="w">r</subfield>
      <subfield code="i">Bekanntschaft</subfield>
      <subfield code="e">Bekanntschaft</subfield>
      <subfield code="9">v:VD-16 Mitverf.</subfield>
    </datafield>
    <datafield tag="500" ind1="1" ind2=" ">
      <subfield code="a">Aemilianus, Quintus</subfield>
      <subfield code="4">beza</subfield>
      <subfield code="4">https://d-nb.info/standards/elementset/gnd#acquaintanceshipOrFriendship</subfield>
      <subfield code="w">r</subfield>
      <subfield code="i">Bekanntschaft</subfield>
      <subfield code="e">Bekanntschaft</subfield>
      <subfield code="9">v:VD-16 Mitverf.</subfield>
    </datafield>
    <datafield tag="500" ind1="1" ind2=" ">
      <subfield code="0">(DE-101)118660314</subfield>
      <subfield code="0">(DE-588)118660314</subfield>
      <subfield code="0">https://d-nb.info/gnd/118660314</subfield>
      <subfield code="a">Brunfels, Otto</subfield>
      <subfield code="d">1488-1534</subfield>
      <subfield code="4">beza</subfield>
      <subfield code="4">https://d-nb.info/standards/elementset/gnd#acquaintanceshipOrFriendship</subfield>
      <subfield code="w">r</subfield>
      <subfield code="i">Bekanntschaft</subfield>
      <subfield code="e">Bekanntschaft</subfield>
      <subfield code="9">v:VD-16 Mitverf.</subfield>
    </datafield>
    <datafield tag="500" ind1="1" ind2=" ">
      <subfield code="a">Maffei, Raffaello</subfield>
      <subfield code="4">beza</subfield>
      <subfield code="4">https://d-nb.info/standards/elementset/gnd#acquaintanceshipOrFriendship</subfield>
      <subfield code="w">r</subfield>
      <subfield code="i">Bekanntschaft</subfield>
      <subfield code="e">Bekanntschaft</subfield>
      <subfield code="9">v:VD-16 Mitverf.</subfield>
    </datafield>
    <datafield tag="548" ind1=" " ind2=" ">
      <subfield code="a">777-857</subfield>
      <subfield code="4">datl</subfield>
      <subfield code="4">https://d-nb.info/standards/elementset/gnd#dateOfBirthAndDeath</subfield>
      <subfield code="w">r</subfield>
      <subfield code="i">Lebensdaten</subfield>
      <subfield code="9">v:Hiǧra-Lebensdaten: 161-243</subfield>
    </datafield>
    <datafield tag="550" ind1=" " ind2=" ">
      <subfield code="0">(DE-101)040031578</subfield>
      <subfield code="0">(DE-588)4003157-3</subfield>
      <subfield code="0">https://d-nb.info/gnd/4003157-3</subfield>
      <subfield code="a">Arzt</subfield>
      <subfield code="4">berc</subfield>
      <subfield code="4">https://d-nb.info/standards/elementset/gnd#professionOrOccupation</subfield>
      <subfield code="w">r</subfield>
      <subfield code="i">Charakteristischer Beruf</subfield>
    </datafield>
    <datafield tag="551" ind1=" " ind2=" ">
      <subfield code="0">(DE-101)041052684</subfield>
      <subfield code="0">(DE-588)4105268-7</subfield>
      <subfield code="0">https://d-nb.info/gnd/4105268-7</subfield>
      <subfield code="a">Samarra</subfield>
      <subfield code="4">orts</subfield>
      <subfield code="4">https://d-nb.info/standards/elementset/gnd#placeOfDeath</subfield>
      <subfield code="w">r</subfield>
      <subfield code="i">Sterbeort</subfield>
    </datafield>
    <datafield tag="667" ind1=" " ind2=" ">
      <subfield code="a">12-PMA:Suppl.</subfield>
    </datafield>
    <datafield tag="667" ind1=" " ind2=" ">
      <subfield code="a">12</subfield>
    </datafield>
    <datafield tag="667" ind1=" " ind2=" ">
      <subfield code="a">7</subfield>
    </datafield>
    <datafield tag="667" ind1=" " ind2=" ">
      <subfield code="a">VD-16</subfield>
    </datafield>
    <datafield tag="667" ind1=" " ind2=" ">
      <subfield code="a">VD-17</subfield>
    </datafield>
    <datafield tag="667" ind1=" " ind2=" ">
      <subfield code="a">Nicht identisch mit Mesue͏̈ Iunior, 924-1015</subfield>
    </datafield>
    <datafield tag="670" ind1=" " ind2=" ">
      <subfield code="a">LCAuth (sowie GAL, GAS, EI)</subfield>
    </datafield>
    <datafield tag="670" ind1=" " ind2=" ">
      <subfield code="a">LMA,VI,567</subfield>
    </datafield>
    <datafield tag="670" ind1=" " ind2=" ">
      <subfield code="a">Sezgin,III,231</subfield>
    </datafield>
    <datafield tag="670" ind1=" " ind2=" ">
      <subfield code="a">African Biographical Archive 160,18</subfield>
    </datafield>
    <datafield tag="670" ind1=" " ind2=" ">
      <subfield code="a">Jüdisches Biographisches Archiv I 479,326</subfield>
    </datafield>
    <datafield tag="670" ind1=" " ind2=" ">
      <subfield code="a">Wikipedia</subfield>
      <subfield code="u">https://de.wikipedia.org/wiki/Yuhanna_ibn_Masawaih</subfield>
    </datafield>
    <datafield tag="672" ind1=" " ind2="0">
      <subfield code="a">Canones universales</subfield>
      <subfield code="f">1502</subfield>
    </datafield>
    <datafield tag="672" ind1=" " ind2="0">
      <subfield code="a">Canones universales</subfield>
      <subfield code="f">1505</subfield>
    </datafield>
    <datafield tag="672" ind1=" " ind2="0">
      <subfield code="a">Mesue</subfield>
      <subfield code="f">1508</subfield>
    </datafield>
    <datafield tag="672" ind1=" " ind2="0">
      <subfield code="a">Mesue</subfield>
      <subfield code="f">1510</subfield>
    </datafield>
    <datafield tag="672" ind1=" " ind2="0">
      <subfield code="a">Mesue</subfield>
      <subfield code="f">1513</subfield>
    </datafield>
    <datafield tag="672" ind1=" " ind2="0">
      <subfield code="a">Mesue</subfield>
      <subfield code="f">1515</subfield>
    </datafield>
    <datafield tag="672" ind1=" " ind2="0">
      <subfield code="a">Generales divi Mesue canones</subfield>
      <subfield code="f">1517</subfield>
    </datafield>
    <datafield tag="672" ind1=" " ind2="0">
      <subfield code="a">Canones universales</subfield>
      <subfield code="f">1523</subfield>
    </datafield>
    <datafield tag="672" ind1=" " ind2="0">
      <subfield code="a">Canones universales</subfield>
      <subfield code="f">1525</subfield>
    </datafield>
    <datafield tag="672" ind1=" " ind2="0">
      <subfield code="a">Universales Ioannis Mesue praestantissimi et *</subfield>
      <subfield code="f">1545</subfield>
    </datafield>
    <datafield tag="672" ind1=" " ind2="0">
      <subfield code="a">Alexander Aphrodisaeus: Aphorismi. 1542. (VD16 A 1766)</subfield>
    </datafield>
    <datafield tag="672" ind1=" " ind2="0">
      <subfield code="a">Benedetti, Alessandro: Aphorismorum liber I. 1528. (VD16 B 1694)</subfield>
    </datafield>
    <datafield tag="672" ind1=" " ind2="0">
      <subfield code="a">Moses ben Maimūn: Aphorismi. 1579. (VD16 M 6420)</subfield>
    </datafield>
    <datafield tag="678" ind1=" " ind2=" ">
      <subfield code="b">Syrischer Mediziner; Übersetzer zahlr. griech. Werke ins Syrische; Kitāb ǧawāhir aṭṭīb al-mufrada</subfield>
    </datafield>
    <datafield tag="700" ind1="1" ind2="4">
      <subfield code="9">U:Arab</subfield>
      <subfield code="a">ابن مساويه, أبو زكريا يوحنا</subfield>
      <subfield code="d">777-857</subfield>
      <subfield code="9">v:Original</subfield>
    </datafield>
    <datafield tag="913" ind1=" " ind2=" ">
      <subfield code="S">pnd</subfield>
      <subfield code="i">a</subfield>
      <subfield code="a">Ibn-Māsawaih, Abū-Zakarīyā Yūḥannā</subfield>
      <subfield code="0">(DE-588a)102370907</subfield>
    </datafield>
    <datafield tag="913" ind1=" " ind2=" ">
      <subfield code="S">pnd</subfield>
      <subfield code="i">a</subfield>
      <subfield code="a">Ibn-Māsawaih, Yūḥannā</subfield>
      <subfield code="0">(DE-588a)174061412</subfield>
    </datafield>
    <datafield tag="913" ind1=" " ind2=" ">
      <subfield code="S">pnd</subfield>
      <subfield code="i">a</subfield>
      <subfield code="a">Ibn-Māsawaih, Abū-Zakariyāʹ Yūh̥annā</subfield>
      <subfield code="0">(DE-588a)160736277</subfield>
    </datafield>
    <datafield tag="913" ind1=" " ind2=" ">
      <subfield code="S">pnd</subfield>
      <subfield code="i">a</subfield>
      <subfield code="a">MESUE, JEAN</subfield>
      <subfield code="0">(DE-588a)176762884</subfield>
    </datafield>
  </record>
